% Google Scholar is good at creating the BibTeX-formatted bibliography.
% Or open this with some tools like BibDesk

%$@article{russell,
%$	Author = {Russell, Rusty},
%$	Journal = {ACM SIGOPS Operating Systems Review},
%$	Number = {5},
%$	Pages = {95--103},
%$	Publisher = {ACM},
%$	Title = {virtio: towards a de-facto standard for virtual I/O devices},
%$	Volume = {42},
%$	Year = {2008}}

@article{lte,
    author = {A.~Bleicher},
    journal = {IEEE Spectrum},
    title = {LTE-Advanced Is the Real 4G},
    year = {2013},
    month = {Dec},
    note = {Retrieved Januaryi 21, 2016 from \url{http://spectrum.ieee.org/telecom/standards/lte-advanced-is-the-real-4g} },
}

@techreport{carrier,
    author = {J.~Wannstrom},
    title = {LTE-Advanced},
    institution = {3GPP},
    year = {2013},
    month = {Jun},
    note = {Retrieved Januaryi 21, 2016 from \url{http://www.3gpp.org/technologies/keywords-acronyms/97-lte-advanced} },
}


%$ author = {B.~Sander and B.~Beckmann and M.~Fowler and M.~Mantor}, 
@manual{systemspec,
    title = {HSA Platform System Architecture Specification},
    organization = {HSA Foundation},
    year = {2015},
    note = {Retrieved Januaryi 21, 2016 from \url{http://www.hsafoundation.com/standards/} },
}

@techreport{mainstream,
    title = {What is Heterogeneous System Architeucture (HSA)?},
    institution = {AMD, inc.},
    note = {Retrieved January 21, 2016 from \url{http://developer.amd.com/resources/heterogeneous-computing/} },
}

@techreport{carrizo,
    title = {AMD “Carrizo” architecture unveiled at ISSCC},
    institution = {AMD, inc.},
    note = {Retrieved January 21, 2016 from \url{http://www.amd.com/en-us/who-we-are/corporate-information/events/isscc} },
}

@manual{runtime,
    title = {HSA Runtime Programmer's Reference Manual},
    organization = {HSA Foundation}
    year = {2015}
    note = {Retrieved Januaryi 21, 2016 from \url{http://www.hsafoundation.com/standards/} },
}

@inproceedings{dspstone,
  title={DSPstone: A DSP-oriented benchmarking methodology},
  author={Zivojnovic, Vojin and Velarde, J Martinez and Schlager, Christian and Meyr, Heinrich},
  booktitle={Proceedings of the International Conference on Signal Processing Applications and Technology},
  pages={715--720},
  year={1994}
}

@techreport{bdti,
    title = {The BDTImark2000™: A Summary Measure of DSP Speed},
    institution = {Berkeley Design Technology, Inc.},
    year = {2004}, 
    month = {Sep},
}

@inproceedings{register,
  title={Register organization for media processing},
  author={Rixner, Scott and Dally, William J and Khailany, Brucek and Mattson, Peter and Kapasi, Ujval J and Owens, John D},
  booktitle={High-Performance Computer Architecture, 2000. HPCA-6. Proceedings. Sixth International Symposium on},
  pages={375--386},
  year={2000},
  organization={IEEE}
}

@article{cluster,
  title={How TI adopted VLIW in digital signal processors},
  author={Simar, Ray and Tatge, Reid},
  journal={Solid-State Circuits Magazine, IEEE},
  volume={1},
  number={3},
  pages={10--14},
  year={2009},
  publisher={IEEE}
}

@inproceedings{synzen,
  title={SynZEN: A hybrid TTA/VLIW architecture with a distributed register file},
  author={Hauser, Stefan and Moser, Nico and Juurlink, Ben},
  booktitle={NORCHIP, 2012},
  pages={1--4},
  year={2012},
  organization={IEEE}
}

@article{dsplite,
  title={A compact DSP core with static floating-point arithmetic},
  author={Lin, Tay-Jyi and Lin, Hung-Yueh and Chao, Chie-Min and Liu, Chih-Wei and Jen, Chih-Wei},
  journal={Journal of VLSI signal processing systems for signal, image and video technology},
  volume={42},
  number={2},
  pages={127--138},
  year={2006},
  publisher={Springer}
}

@inproceedings{cascade,
  title={Improving datapath utilization of programmable DSP with composite functional units},
  author={Ou, Shih Hao and Cho, Yi and Lin, Tay Jyi and Liu, Chih Wei},
  booktitle={Circuits and Systems, 2008. ISCAS 2008. IEEE International Symposium on},
  pages={3438--3441},
  year={2008},
  organization={IEEE}
}

@article{hearaid,
  title={An energy-efficient, high-precision SFP LPFIR filter engine for digital hearing aids},
  author={Ou, Shih-Hao and Chang, Kuo-Chiang and Liu, Chih-Wei},
  journal={Integration, the VLSI Journal},
  volume={48},
  pages={230--238},
  year={2015},
  publisher={Elsevier}
}

@mastersthesis{multistage,
    author = {Chen,~Chih-Ching},
    title = {Design of Multi-Stage Computing Engine for DSP Applications},
    school = {College of Electrical and Computer Engineering, National Chiao Tung University},
    year = {2014},
    month = {Jul},
}

@inproceedings{move,
  title={MOVE: A framework for high-performance processor design},
  author={Corporaal, Henk and Mulder, Hans JM},
  booktitle={Proceedings of the 1991 ACM/IEEE conference on Supercomputing},
  pages={692--701},
  year={1991},
  organization={ACM}
}

@incollection{ttagpu,
  title={Programmable and scalable architecture for graphics processing units},
  author={Carlos, S and J{\"a}{\"a}skel{\"a}inen, Pekka and Takala, Jarmo},
  booktitle={Embedded Computer Systems: Architectures, Modeling, and Simulation},
  pages={2--11},
  year={2009},
  publisher={Springer}
}

@inproceedings{qemu,
  title={QEMU, a Fast and Portable Dynamic Translator.},
  author={Bellard, Fabrice},
  booktitle={USENIX Annual Technical Conference, FREENIX Track},
  pages={41--46},
  year={2005}
}

@inproceedings{hsaemu,
    title={HSAemu: a full system emulator for HSA platforms},
    author={Ding, Jiun-Hung and Hsu, Wei-Chung and Jeng, Bai-Cheng and Hung, Shih-Hao and Chung, Yeh-Ching},
    booktitle={Proceedings of the 2014 International Conference on Hardware/Software Codesign and System Synthesis},
    pages={26},
    year={2014},
    organization={ACM}
}

@inproceedings{gpgpusim,
  title={Analyzing CUDA workloads using a detailed GPU simulator},
  author={Bakhoda, Ali and Yuan, George L and Fung, Wilson WL and Wong, Henry and Aamodt, Tor M},
  booktitle={Performance Analysis of Systems and Software, 2009. ISPASS 2009. IEEE International Symposium on},
  pages={163--174},
  year={2009},
  organization={IEEE}
}

@inproceedings{ssa,
  title={Interpreting programs in static single assignment form},
  author={Von Ronne, Jeffery and Wang, Ning and Franz, Michael},
  booktitle={Proceedings of the 2004 workshop on Interpreters, virtual machines and emulators},
  pages={23--30},
  year={2004},
  organization={ACM}
}

@article{dpseq,
  title={A discipline of dynamic programming over sequence data},
  author={Giegerich, Robert and Meyer, Carsten and Steffen, Peter},
  journal={Science of Computer Programming},
  volume={51},
  number={3},
  pages={215--263},
  year={2004},
  publisher={Elsevier}
}

@book{dp,
  title={Dynamic programming and optimal control},
  author={Bertsekas, Dimitri P and Bertsekas, Dimitri P and Bertsekas, Dimitri P and Bertsekas, Dimitri P},
  volume={1},
  number={2},
  year={1995},
  publisher={Athena Scientific Belmont, MA}
}

@book{rda,
  title={Principles of program analysis},
  author={Nielson, Flemming and Nielson, Hanne R and Hankin, Chris},
  year={2015},
  publisher={Springer}
}

@book{ilp,
  title={Integer programming},
  author={Wolsey, Laurence A},
  volume={42},
  year={1998},
  publisher={Wiley New York}
}

@book{risc,
  title={Computer architecture: a quantitative approach},
  author={Hennessy, John L and Patterson, David A},
  year={2011},
  publisher={Elsevier}
}

@book{parallel,
    title={Parallel computer architecture: a hardware/software approach},
    author={Culler, David E and Singh, Jaswinder Pal and Gupta, Anoop},
    year={1999},
    publisher={Gulf Professional Publishing}
}

@misc{cloc,
    author = {{HSA Foundation}},
    title = {CLOC: CL Offline Compiler},
    url = {https://github.com/HSAFoundation/CLOC},
    version = {0.9.8},
    date = {2016-02-19},
}

@article{harvard,
    title={Programmable DSP architectures. I},
    author={Lee, Edward A},
    journal={ASSP Magazine, IEEE},
    volume={5},
    number={4},
    pages={4--19},
    year={1988},
    publisher={IEEE}
}


